%%%%%%%%%%%%%%%%%%%%%%%%%%%%%%%%%%%%%%%%%%%%%%%%%%%%%%%%%%%%%%%%%%%%%%%%%%
% Referencias bibliograficas utilizadas
% Para mais informações ver documentação do abntex2 e http://www.bibtex.org/
%%%%%%%%%%%%%%%%%%%%%%%%%%%%%%%%%%%%%%%%%%%%%%%%%%%%%%%%%%%%%%%%%%%%%%%%%%

% https://github.com/AdrianoRuseler/abntex2-modelo-experimento/blob/master/abntex2-modelo-references.bib

% É importante observar que em casos onde o nome do autofr ou organização tem acentos é importante fazer na fofrma separada \'e \~a de forma que a versão em maiúsculas fique correta.


% NOSSA REFERENCIA

@misc{global_films_musics_market,
    author={GVR},
    year={2023},
    title={The Global Games Market Per Segment},
    url={https://www.grandviewresearch.com/industry-analysis/movies-entertainment-market},
  options = {noslsn},
}

@misc{game_market_2022,
    author={TOM WIJMAN},
    year={2022},
    title={The Games Market in 2022: The Year in Numbers},
    url={https://newzoo.com/resources/blog/the-games-market-in-2022-the-year-in-numbers},
  options = {noslsn},
}

@misc{games_release_year,
    author={STEAM},
    year={2023},
    title={Steam Game Release Summary},
    url={https://steamdb.info/stats/releases/},
  options = {noslsn},
}

@misc{digital_2022_global_overview_report,
    author={SIMON KEMP},
    year={2022},
    title={DIGITAL 2022: GLOBAL OVERVIEW REPORT},
    url={https://datareportal.com/reports/digital-2022-global-overview-report},
  options = {noslsn},
}

@misc{pesquisa_global_games,
    author={PWC},
    year={2022},
    title={Pesquisa Global de Entretenimento e Mídia 2022-2026},
    url={https://www.pwc.com.br/pt/estudos/setores-atividade/entretenimento-midia/2022/outlook-2022/resultados-por-segmentos.html},
    options = {noslsn},
}

@online{alvanista,
	author={Rodolfo Sikora},
	title={Alvanista},
	year={2012},
	url={https://alvanista.com/},
    urlaccessdate={03 jun. 2023}
}

@online{ggapp,
	author={Charles Watson},
	title={GG App},
	year={2019},
	url={https://ggapp.io/},
    urlaccessdate={06 jun. 2023}
}

@misc{global_games_market,
    author={EMMA MCDONALD},
    year={2023},
    title={The Global Games Market Per Segment},
    url={https://newzoo.com/resources/blog/the-latest-games-market-size-estimates-and-forecasts},
  options = {noslsn},
}

@misc{games_distribution_platform,
    author={UKTN},
    year={2023},
    title={Best PC Video Game Digital Distribution Services},
    url={https://www.uktech.news/other_news/best-pc-video-game-digital-distribution-services},
  options = {noslsn},
}

@misc{stackoverflow_datas,
    author={Stack Overflow},
    year={2022},
    title={2022 Developer Survey},
    url={https://survey.stackoverflow.co/2022/\#section-most-loved-dreaded-and-wanted-web-frameworks-and-technologies},
  options = {noslsn},
}

@misc{techempower_benchmark,
    author={TechEmpower},
    year={2022},
    title={Web Framework Benchmarks},
    url={https://www.techempower.com/benchmarks/\#hw=ph&test=composite&section=data-r21},
  options = {noslsn},
}

@misc{react_version,
    author={React},
    year={2023},
    title={Versões do React},
    url={https://pt-br.legacy.reactjs.org/versions/},
  options = {noslsn},
}

@misc{discord_users,
    author={Ash Turner},
    year={2023},
    title={Discord Users: How Many People Use Discord? (Sep 2023)},
    url={https://www.bankmycell.com/blog/number-of-discord-users/},
  options = {noslsn},
}

@misc{twitch_users,
    author={Ash Turner},
    year={2023},
    title={Twitch Statistics: How Many Users are on Twitch (Sep 2023)},
    url={https://www.bankmycell.com/blog/number-of-twitch-streamers/},
  options = {noslsn},
}

@misc{twitch_categories,
    author={VentureBeat},
    year={2023},
    title={Twitch’s top 0.5% streamers generated 76% of June viewership | StreamElements State of the Stream},
    url={https://venturebeat.com/games/twitch-state-of-the-stream-june-2023-streamelements-viewership/},
  options = {noslsn},
}

@misc{twitch_growth_statistics,
    author={Backlink},
    year={2023},
    title={Twitch Usage and Growth Statistics: How Many People Use Twitch in 2023},
    url={https://backlinko.com/twitch-users#monthly-active-users/},
  options = {noslsn},
}

@misc{discord_active_users,
    author={Backlink},
    year={2023},
    title={Discord User and Funding Statistics: How Many People Use Discord in 2023},
    url={https://backlinko.com/discord-users#discord-monthly-active-users/},
  options = {noslsn},
}

@misc{lgpd,
note = {Lei Geral de Proteção de Dados Pessoais (LGPD). Acesso em 5 de junho de 2023},
title = {Lei nº 13.709},
number = {13709},
year = {2018},
author = {{Congresso Nacional}},
howpublished = {\url{https://www.planalto.gov.br/ccivil_03/_ato2015-2018/2018/lei/l13709.htm}}
}
